@proceedings{18447Spring2018,
 title={18-447 Introduction to Computer Architecture - Spring 2015 Course of Carnegie Mellon University},
 year={2015},
 author={Carnegie Mellon University}
}

@inproceedings{Patt2001RequirementsB,
  title={Requirements , Bottlenecks , and Good Fortune : Agents for Microprocessor Evolution},
  author={Yale N. Patt},
  year={2001}
}

@book{book:876261,
	title =     {Introduction to Computing Systems: From bits and gates to C and beyond},
	author =    {Yale Patt, Sanjay Patel},
	publisher = {McGraw-Hill},
	isbn =      {0071245014,9780071245012},
	year =      {2005},
	series =    {},
	edition =   {2nd International},
	volume =    {},
	url =       {http://gen.lib.rus.ec/book/index.php?md5=f7bc6ca51b6f2af8700ca670690ceab4}
}